@MastersThesis{SokolMiroslav2012OLe,
    publisher = {Vysoké učení technické v Brně. Fakulta informačních technologií},
    school = {Vysoké učení technické v Brně. Fakulta informačních technologií},
    year = {2012},
    title = {Online LaTeX editor},
    author = {Sokol, Miroslav},
    keywords = {LaTex; bohatá internetová aplikace; RIA; editor; ASP.NET; C#; javascript; online; grafické uživatelské rozhraní; klient; kompilátor.; Latex; rich internet application; graphical user interface; client; compiler.},
}

@Book{Rybicka2003,
	author = {Rybička, Jiří},
	title = {LaTeX pro začátečníky},
	chapter = {Základní informace},
	publisher = {Konvoj},
	address = {Brno},
	year = {2003},
	edition = {3},
	ISBN = {80-7302-049-1},
}

@Misc{WYSIWYG,
	author = {Štráfelda ,Jan},
	title = {WYSIWYG editor},
	howpublished = {[online]},
	note = {[vid. 2022-04-12]},
	url = {https://www.strafelda.cz/wysiwyg},
}

@Misc{WhyLearnLatex,
	author = {Overleaf},
	title = {Learn LaTeX in 30 minutes},
	howpublished = {[online]},
	note = {[vid. 2022-04-12]},
	url = {https://www.overleaf.com/learn/latex/Learn_LaTeX_in_30_minutes},
}

@Misc{KrystofDavidek,
	author = {Davidek ,Kryštof},
	title = {LaTeX ‒ Co, proč a jak},
	howpublished = {[online]},
	note = {[vid. 2022-04-12]},
	url = {https://medium.com/edtech-kisk/latex-co-proč-a-jak-a4c1f4641616},
}

@book{KopkaHelmut2004GtL,
    series = {Addison-Wesley series on tools and techniques for computer typesetting},
    publisher = {Addison-Wesley},
    isbn = {0-321-17385-6},
    year = {2004},
    title = {Guide to LaTeX},
    edition = {4th ed.},
    address = {Boston},
    author = {Kopka, Helmut},
    keywords = {software; LaTeX (software); diskrétní matematika; LATEX; informatika; programování},
}

@MastersThesis{BartlikJakub2017Sopp,
    publisher = {Vysoká škola ekonomická v Praze},
    school = {Vysoká škola ekonomická v Praze},
    year = {2017},
    title = {Šablony odborných prací pro LaTeX},
    copyright = {Vysokoškolské kvalifikační práce obhájené na VŠE jsou veřejně dostupné online. https://knihovna.vse.cz/navody/vskp Theses and disertations defended at University of Economics, Prague are freely available online. https://knihovna.vse.cz/navody/vskp},
    author = {Bartlík, Jakub},
    keywords = {LaTeX, Template, VŠE, technical documentation, Texmaker, bachelor thesis ; Master thesis, command, references ; TeXmaker, bakalářská práce, odborná práce, diplomová práce ; typesetting system, content, dissertation ; zdroj, sázecí systém, obsah ; Šablona, VŠE, Odborná literatura},
}


@Article{Olsak2021,
	author = {Olšák, Petr},
	title = {TeX in a Nutshell},
	journal = {Zpravodaj Československého sdružení uživatelů TeXu},
	volume = {31},
	number = {1\,--\,4},
	pages = {23\,--\,24},
	year = {2021},
	ISSN = {1211-6661},
}

@Article{Luptak2016,
	author = {Lupták, David},
	title = {Sazba bibliografie podľa normy ISO 690 v systému \LaTeX},
	journal = {Zpravodaj Československého sdružení uživatelů TeXu},
	volume = {26},
	number = {1\,--\,4},
	pages = {106},
	year = {2016},
	ISSN = {1211-6661},
}

@article{KohlhaseMichael2008ULaa,
    issn = {1661-8270},
    journal = {Mathematics in computer science},
    pages = {279--304},
    volume = {2},
    number = {2},
    year = {2008},
    title = {Using LATEX as a semantic markup format},
    copyright = {Copyright 2009 Elsevier B.V., All rights reserved.},
    author = {Kohlhase, Michael}
}


